<?xml version="1.0" encoding="utf-8"?>
<record xmlns="http://www.loc.gov/MARC21/slim" xmlns:xsi="http://www.w3.org/2001/XMLSchema-instance" xsi:schemaLocation="http://www.loc.gov/MARC21/slim http://www.loc.gov/standards/marcxml/schema/MARC21slim.xsd">
	<leader>     nam a22        4500</leader>
	<controlfield tag="001">b1275836x</controlfield>
	<controlfield tag="003">LeBAU</controlfield>
	<controlfield tag="006">m        d        </controlfield>
	<controlfield tag="007">cr cn |||m|||a</controlfield>
	<controlfield tag="008">170830s1904    ua      o     000 0 ara d</controlfield>
	<datafield ind1=" " ind2=" " tag="040">
		<subfield code="a">NNU</subfield>
		<subfield code="b">ara</subfield>
		<subfield code="e">rda</subfield>
		<subfield code="c">NNU</subfield>
	</datafield>
	<datafield ind1=" " ind2="4" tag="050">
		<subfield code="a">BP135.A2</subfield>
		<subfield code="b">T39 1904</subfield>
	</datafield>
	<datafield ind1="0" ind2="4" tag="082">
		<subfield code="a">297.08</subfield>
		<subfield code="2">20</subfield>
	</datafield>
	<datafield ind1="1" ind2=" " tag="100">
		<subfield code="6">880-01</subfield>
		<subfield code="a">Ṭayālisī, Sulaymān ibn Dāwūd,</subfield>
		<subfield code="d">750 or 751-819 or 820,</subfield>
		<subfield code="e">author.</subfield>
	</datafield>
	<datafield ind1="1" ind2="0" tag="245">
		<subfield code="6">880-02</subfield>
		<subfield code="a">Musnad Abī Dāwūd al-Ṭayālisī /</subfield>
		<subfield code="c">Abū Dāwūd al-Ṭayālisī wa-huwa al-Ḥāfiẓ al-Kabīr Sulaymān ibn Dāwūd ibn al-Jārūd al-Fārisī.</subfield>
	</datafield>
	<datafield ind1=" " ind2="1" tag="264">
		<subfield code="6">880-03</subfield>
		<subfield code="a">Ḥaydarābād al-Dakkan, al-Hind :</subfield>
		<subfield code="b">Maṭba‘at Majlis Dā’irat al-Ma‘ārif,</subfield>
		<subfield code="c">1321 H., [1904? M.]</subfield>
	</datafield>
	<datafield ind1=" " ind2=" " tag="300">
		<subfield code="6">880-04</subfield>
		<subfield code="a">online resource (392, 11 pages)</subfield>
	</datafield>
	<datafield ind1=" " ind2=" " tag="336">
		<subfield code="a">text</subfield>
		<subfield code="2">rdacontent</subfield>
	</datafield>
	<datafield ind1=" " ind2=" " tag="337">
		<subfield code="a">computer</subfield>
		<subfield code="2">rdamedia</subfield>
	</datafield>
	<datafield ind1=" " ind2=" " tag="338">
		<subfield code="a">online resource</subfield>
		<subfield code="2">rdacarrier</subfield>
	</datafield>
	<datafield ind1=" " ind2=" " tag="500">
		<subfield code="a">Part of the Arabic Collections Online (ACO) project, contributed by American University of Beirut's Jafet Memorial Library.</subfield>
	</datafield>
	<datafield ind1=" " ind2=" " tag="533">
		<subfield code="a">Electronic reproduction.</subfield>
		<subfield code="b">New York, N.Y. :</subfield>
		<subfield code="c">New York University,</subfield>
		<subfield code="d">2017.</subfield>
		<subfield code="5">NNU</subfield>
	</datafield>
	<datafield ind1=" " ind2="0" tag="650">
		<subfield code="6">880-05</subfield>
		<subfield code="a">Hadith</subfield>
		<subfield code="v">Texts</subfield>
		<subfield code="v">Early works to 1800.</subfield>
	</datafield>
	<datafield ind1=" " ind2="0" tag="650">
		<subfield code="6">880-06</subfield>
		<subfield code="a">Hadith</subfield>
		<subfield code="x">Evidences, authority, etc.</subfield>
		<subfield code="v">Early works to 1800.</subfield>
	</datafield>
	<datafield ind1="1" ind2=" " tag="700">
		<subfield code="6">880-07</subfield>
		<subfield code="a">Amrūhī, Abū al-Ḥasan,</subfield>
		<subfield code="e">compiler.</subfield>
	</datafield>
	<datafield ind1="2" ind2=" " tag="710">
		<subfield code="a">Jafet Memorial Library.</subfield>
	</datafield>
	<datafield ind1="0" ind2=" " tag="730">
		<subfield code="a">Arabic Collections Online.</subfield>
	</datafield>
	<datafield ind1="0" ind2="8" tag="776">
		<subfield code="i">Print version:</subfield>
		<subfield code="a">Ṭayālisī, Sulaymān ibn Dāwūd, 750 or 751-819 or 820, author.</subfield>
		<subfield code="t">Musnad Abī Dāwūd al-Ṭayālisī</subfield>
		<subfield code="w">(LeBAU)b1275836x</subfield>
	</datafield>
	<datafield ind1="4" ind2="0" tag="856">
		<subfield code="u">http://hdl.handle.net/2333.1/zcrjdmjv</subfield>
	</datafield>
	<datafield ind1="1" ind2=" " tag="880">
		<subfield code="6">100-01</subfield>
		<subfield code="a">الطيالسي، ابو داود سليمان،</subfield>
		<subfield code="d">750 or 751-819 or 820،</subfield>
		<subfield code="e">مؤلف.</subfield>
		<subfield code="4">aut.</subfield>
	</datafield>
	<datafield ind1="1" ind2="0" tag="880">
		<subfield code="6">245-02</subfield>
		<subfield code="a">مسند ابي داود الطيالسي /</subfield>
		<subfield code="c">ابو داود الطيالسي وهو الحافظ الكبير سليمان بن داود بن الجارود الفارسي.</subfield>
	</datafield>
	<datafield ind1=" " ind2="1" tag="880">
		<subfield code="6">264-03</subfield>
		<subfield code="a">حيدر آباد، الهند :</subfield>
		<subfield code="b">مطبعة مجلس دائرة المعارف،</subfield>
		<subfield code="c">1321 هـ.، [1904؟ م.]</subfield>
	</datafield>
	<datafield ind1=" " ind2=" " tag="880">
		<subfield code="6">300-04</subfield>
		<subfield code="a">392، 11 صفحة ؛</subfield>
		<subfield code="c">33 سم</subfield>
	</datafield>
	<datafield ind1=" " ind2=" " tag="880">
		<subfield code="6">500-00</subfield>
		<subfield code="a">&quot;قال الذهبي في تذكرة الحفاظ ابو داود الطيالسي وهو الحافظ الكبير سليمان بن داود بن الجارود الفارسي الأصل البصري سمع ابن عون وابن نابل والدستوائي وشعبة وطبقتهم وعنه احمد والفلاس وبندار وابن الفرات وخلائق، مات سنة اربع ومأتين وكان من أبناء الثمانين رحمه الله تعالى وقال في كشف الظنون هو اول من صنف في المسانيد. &quot;</subfield>
	</datafield>
	<datafield ind1=" " ind2=" " tag="880">
		<subfield code="6">500-00</subfield>
		<subfield code="a">&quot;قد قوبل هذه النسخة مع النسخة القديمة العتيقة للمكتبة العمومية القائمة في بلدة (بتنه) وهي نسخة قد طالعها العلماء الكبار والفضلاء الأبرار من علماء مصر والشام، عليها خطوطهم المكتوبة سنة (648) وعلم من خطبة الكتاب ان قراءة عفيف الدين مالك النسخة على القاضي ابي المكارم قد وقعت سنة (592) فعلم ان الفاصلة بين هذين قد رست وخمسين سنة وان النسخة قديمة جداً ولما كانت النسخة الموصوفة وصلت الينا بعدما طبع الكتاب الى صفحة (148) الحقنا بطريق الضميمة تصحيح ما كان باقيا من اول الكتاب وهي هذه ابو الحسن المصحح عفا الله عنه.&quot;-- صفحة 362.</subfield>
	</datafield>
	<datafield ind1=" " ind2="4" tag="880">
		<subfield code="6">650-05</subfield>
		<subfield code="a">الحديث</subfield>
		<subfield code="x">نصوص</subfield>
		<subfield code="v">اعمال قديمة حتى 1800.</subfield>
	</datafield>
	<datafield ind1=" " ind2="4" tag="880">
		<subfield code="6">650-06</subfield>
		<subfield code="a">الحديث</subfield>
		<subfield code="x">إسناد</subfield>
		<subfield code="v">اعمال قديمة حتى 1800.</subfield>
	</datafield>
	<datafield ind1="1" ind2=" " tag="880">
		<subfield code="6">700-07</subfield>
		<subfield code="a">الأمروهي، أبو الحسن،</subfield>
		<subfield code="e">معد.</subfield>
		<subfield code="4">com.</subfield>
	</datafield>
	<datafield ind1=" " ind2=" " tag="959">
		<subfield code="a">NNU</subfield>
		<subfield code="b">WEB</subfield>
		<subfield code="c">GENI</subfield>
		<subfield code="t">0</subfield>
		<subfield code="m">Electronic access</subfield>
		<subfield code="s">01</subfield>
	</datafield>
	<datafield ind1=" " ind2=" " tag="999">
		<subfield code="i">LeBAU_b1275836x</subfield>
		<subfield code="s">aub_aco001059</subfield>
		<subfield code="e">(ERROR-MISC)</subfield>
		<subfield code="s">aub_aco001059</subfield>
	</datafield>
</record>
